<?xml version="1.0" encoding="UTF-8"?><collection xmlns="http://www.loc.gov/MARC21/slim"><record><leader>00329nam--2200121-i-4500</leader><controlfield tag="001">000033202</controlfield><controlfield tag="002">20161230</controlfield><controlfield tag="005">20161230201039</controlfield><controlfield tag="008">060222s1000------------r-----000-0-eng-d</controlfield><datafield ind1=" " ind2=" " tag="080"><subfield code="a">621.91.07:338.062.4-2</subfield></datafield><datafield ind1=" " ind2=" " tag="245"><subfield code="a">Metoda complexa de aschiere a  metalelor a lui v.c.seminki</subfield></datafield><datafield ind1=" " ind2=" " tag="260"><subfield code="a">Bucuresti, I.D.T., 1954. 20p</subfield></datafield><datafield ind1=" " ind2=" " tag="852"><subfield code="a">26530</subfield></datafield></record></collection>